% -------------------------------------------------------------
% COBEM 2023 - BIBFILE EXAMPLE
% -------------------------------------------------------------

@article{choma2017environmental,
  title={Environmental impact assessment of increasing electric vehicles in the Brazilian fleet},
  author={Choma, Ernani Francisco and Ugaya, C{\'a}ssia Maria Lie},
  journal={Journal of Cleaner Production},
  volume={152},
  pages={497--507},
  year={2017},
  publisher={Elsevier}
}

@inproceedings{pitz2017direct,
  title={Direct numerical simulation of vacillation in convection induced by centrifugal buoyancy},
  author={Pitz, Diogo B and Marxen, Olaf and Chew, John W},
  booktitle={APS Division of Fluid Dynamics Meeting Abstracts},
  pages={F33--006},
  year={2017}
}

@article{pitz2017onset,
  title={Onset of convection induced by centrifugal buoyancy in a rotating cavity},
  author={Pitz, Diogo B and Marxen, Olaf and Chew, John W},
  journal={Journal of Fluid Mechanics},
  volume={826},
  pages={484--502},
  year={2017},
  publisher={Cambridge University Press}
}

@article{sestito2022process,
  title={In-process chatter detection in micro-milling using acoustic emission via machine learning classifiers},
  author={Sestito, Guilherme Serpa and Venter, Giuliana Sardi and Ribeiro, Kandice Suane Barros and Rodrigues, Alessandro Roger and da Silva, Ma{\'\i}ra Martins},
  journal={The International Journal of Advanced Manufacturing Technology},
  volume={120},
  number={11},
  pages={7293--7303},
  year={2022},
  publisher={Springer}
}


@article{fernandes2023performance,
  title={Performance comparison between internally cooled tools and flood cooling during grey cast iron turning},
  author={Fernandes, Gustavo Henrique Nazareno and Bazon, Victor Tallis and Barbosa, Lucas Melo Queiroz and Fran{\c{c}}a, Pedro Henrique Pires and da Silva, M{\'a}rcio Bacci and Uddin, Mohammad and Martins, Paulo S{\'e}rgio and Machado, {\'A}lisson Rocha},
  journal={Journal of Manufacturing Processes},
  volume={85},
  pages={817--831},
  year={2023},
  publisher={Elsevier}
}

@article{miyawaki2021microalgae,
  title={Microalgae derived biomass and bioenergy production enhancement through biogas purification and wastewater treatment},
  author={Miyawaki, B and Mariano, AB and Vargas, JVC and Balmant, W and Defrancheschi, AC and Corr{\^e}a, DO and Santos, B and Selesu, NFH and Ordonez, JC and Kava, VM},
  journal={Renewable Energy},
  volume={163},
  pages={1153--1165},
  year={2021},
  publisher={Elsevier}
}

@article{porto2023fundamental,
  title={Fundamental optimization of steam Rankine cycle power plants},
  author={Porto-Hernandez, LA and Vargas, JVC and Munoz, MN and Galeano-Cabral, J and Ordonez, JC and Balmant, W and Mariano, AB},
  journal={Energy Conversion and Management},
  volume={289},
  pages={117148},
  year={2023},
  publisher={Elsevier}
}


% -------------------------------------------------------------

@PHDTHESIS{souza2022efeito,
 AUTHOR = {Felipe Chagas Rodrigues Souza},
 TITLE = {Effect of Texturing on PCD Tools in the Turning of Aluminum 2011-T4 (\textit{in Portuguese})},
 SCHOOL = {Federal University of Uberlândia},
 ADDRESS = {Uberlândia, Brasil},
 YEAR = {2022},
}

@MASTERSTHESIS{Santos2020,
 AUTHOR = {Vinícius {Oliveira dos} Santos},
 TITLE = {Experimental and numerical analysis of the fretting corrosion mechanism at the stem-head and stem-cement contact surfaces of hip prostheses (\textit{in Portuguese})},
 SCHOOL = {Graduate Program in Mechanical Engineering, Federal University of Santa Catarina},
 ADDRESS = {Florian\'opolis, Brasil},
 YEAR = {2020},
}

% -------------------------------------------------------------

@BOOK{MendoncaFancello2019,
 AUTHOR = {P T R Mendon\c{c}a and E A Fancello},
 TITLE = {The method of finite elements applied to mechanics of solids (\textit{in Portuguese})},
 PUBLISHER = {Editora Orsa Maggiore},
 ADDRESS = {Florian\'opolis},
 YEAR = {2019},
}

@BOOK{Carvalho2018,
 AUTHOR = {J C M Carvalho and D Martins and R Simoni and H Simas},
 TITLE = {Multibody Mechatronic Systems - Proceedings of the MUSME Conference held in Florian\'opolis, Brazil, October 24-28, 2017},
 SERIES = {Mechanisms and Machine Science},
 PUBLISHER = {Springer International Publishing},
 YEAR = {2018},
}

% -------------------------------------------------------------

@INPROCEEDINGS{Nostrani2019,
 AUTHOR = {M P Nostrani and P Kruss and V J {De Negri} and A {Dell'Amico}},
 TITLE = {An Aircraft Actuator Driven by Digital Hydraulic Pumps},
 BOOKTITLE = {Proceedings of the XVIII International Symposium on Dynamic Problems of Mechanics - DINAME 2019},
 YEAR = {2019},
 ADDRESS = {Armação de Búzios, RJ, Brazil},
 ORGANIZATION = {ABCM - Brazilian Society of Mechanical Sciences and Engineering},
}

@INPROCEEDINGS{Santos2013b,
 AUTHOR = {D D Santos and G M Furtado and S L Frey and M F Naccache and P R {de Souza Mendes}},
 TITLE = {Numerical investigation of elastic and viscous effects on inertial viscoplastic fluid flows},
 BOOKTITLE = {Proceedings of the 22nd International Congress of Mechanical Engineering - COBEM 2013},
 YEAR = {2013},
 ADDRESS = {Ribeir\~ao Preto, Brazil},
}

% -------------------------------------------------------------

@REPORT{EPE2022,
 AUTHOR = {EPE}, 
 TITLE = {National Energy Balance 2022, Final Report (\textit{in Portuguese})},
 HOWPUBLISHED ={Empresa de Pesquisa Energética EPE, Rio de Janeiro, epe.gov.br/sites-pt/publicacoes-dados-abertos/publicacoes/PublicacoesArquivos/publicacao-675/topico-638/BEN2022.pdf. Accessed 02 May 2023},
 YEAR = {2022}
}

% -------------------------------------------------------------
% Websites

@MISC{MLA20,
 AUTHOR = {MLA},
 TITLE = {\uppercase{MLA} Works Cited: Electronic Sources (Web Publications)},
 HOWPUBLISHED =	{Modern Language Association, Purdue Online Writing Laboratory, Purdue University,   owl.purdue.edu/owl/research\_and\_citation/mla\_ style/mla\_formatting\_and\_style\_guide/mla\_works\_cited\_electronic\_sources.html. Accessed 02 May 2023},
 YEAR = {2020},
}

% -------------------------------------------------------------
% Patents


@MISC{Mendes2018,
  AUTHOR = {N Mendes and L M Moura and S Riquelme},
  TITLE = {Device for Measuring Atmospheric Longwave Radiation and Its Measurement Method (\textit{in Portuguese})},
  HOWPUBLISHED = {Patent, INPI - Instituto Nacional da Propriedade Industrial, Registry number: BR1020180737406, Application date: November 19, 2018, Grant date: September 10, 2024},
  YEAR = {2024},
}

@MISC{Vargas2021,
  AUTHOR = {J V C Vargas and J C Ordonez and J E F C Gardolinski and R Hovsapian and R C Raimundo},
  TITLE = {Real Time Hydrogen Self-Supplied Alkaline Membrane Fuel Cell Stack},
  HOWPUBLISHED = {Patent, United States Patent and Trademark Office, Registry number: US20210194027A1, Application date: June 24, 2021},
  YEAR = {2021},
}
@ARTICLE{pymoo,
  AUTHOR  = {Blank, Julian and Deb, Kalyanmoy},
  TITLE   = {pymoo: Multi-Objective Optimization in Python},
  JOURNAL = {IEEE Access},
  VOLUME  = {8},
  PAGES   = {89497--89509},
  YEAR    = {2020},
  PUBLISHER = {IEEE}
}

@INPROCEEDINGS{Ray2018,
  AUTHOR     = {Moritz, Philipp and Nishihara, Robert and Wang, Stephanie and Tumanov, Alexey and Liaw, Richard and Liang, Eric and Elibol, Melih and Yang, Zongheng and Paul, William and Jordan, Michael I. and Stoica, Ion},
  TITLE      = {Ray: A Distributed Framework for Emerging AI Applications},
  BOOKTITLE  = {13th USENIX Symposium on Operating Systems Design and Implementation (OSDI 18)},
  PAGES      = {561--577},
  YEAR       = {2018},
  ORGANIZATION = {USENIX Association},
  ADDRESS    = {Carlsbad, CA, USA}
}

@ARTICLE{Cailler2020,
  AUTHOR  = {Cailler, M. and Darabiha, N. and Fiorina, B.},
  TITLE   = {Development of a Virtual Optimized Chemistry Method. Application to Hydrocarbon/Air Combustion},
  JOURNAL = {Combustion and Flame},
  VOLUME  = {211},
  PAGES   = {281--302},
  YEAR    = {2020},
  PUBLISHER = {Elsevier}
}

@ARTICLE{Bergstra2012,
  AUTHOR  = {Bergstra, James and Bengio, Yoshua},
  TITLE   = {Random Search for Hyper-Parameter Optimization},
  JOURNAL = {Journal of Machine Learning Research},
  VOLUME  = {13},
  NUMBER  = {Feb},
  PAGES   = {281--305},
  YEAR    = {2012},
  PUBLISHER = {MIT Press}
}

@INPROCEEDINGS{Kennedy1995,
  AUTHOR     = {Kennedy, J. and Eberhart, R.},
  TITLE      = {Particle Swarm Optimization},
  BOOKTITLE  = {Proceedings of the IEEE International Conference on Neural Networks},
  VOLUME     = {4},
  PAGES      = {1942--1948},
  YEAR       = {1995},
  ORGANIZATION = {IEEE},
  ADDRESS    = {Perth, Australia}
}

@ARTICLE{Deb2014,
  AUTHOR  = {Deb, Kalyanmoy and Jain, Himanshu},
  TITLE   = {An Evolutionary Many-Objective Optimization Algorithm Using Reference-Point-Based Nondominated Sorting Approach, Part I: Solving Problems With Box Constraints},
  JOURNAL = {IEEE Transactions on Evolutionary Computation},
  VOLUME  = {18},
  NUMBER  = {4},
  PAGES   = {577--601},
  YEAR    = {2014},
  PUBLISHER = {IEEE}
}

@ARTICLE{McKay1979,
  AUTHOR  = {McKay, M D and Beckman, R J and Conover, W J},
  TITLE   = {A Comparison of Three Methods for Selecting Values of Input Variables in the Analysis of Output from a Computer Code},
  JOURNAL = {Technometrics},
  VOLUME  = {21},
  NUMBER  = {2},
  PAGES   = {239--245},
  YEAR    = {1979},
  PUBLISHER = {Taylor \& Francis}
}

@MISC{GRIMech30,
  AUTHOR = {Smith, Gregory P. and Golden, David M. and Frenklach, Michael and Moriarty, Nigel W. and Eiteneer, Boris and Goldenberg, Mikhail and Bowman, C. Thomas and Hanson, Ronald K. and Song, Soonho and Gardiner, William C. Jr. and Lissianski, Vitali V. and Qin, Zhiwei},
  TITLE  = {GRI-Mech 3.0: An Optimized Detailed Chemical Reaction Mechanism for Methane Combustion},
  HOWPUBLISHED = {http://combustion.berkeley.edu/gri-mech/version30/text30.html. Accessed 01 Jun 2025},
  YEAR   = {1999}
}
